2496 4950
295 696 413 747 ruo
464 672 931 748 A.Cr,vretr'rro.
1062 702 1128 773 131

105 790 152 865 de
167 788 331 881 homine,
348 788 435 863 ficut
450 789 582 862 necelle
600 811 695 879 erat,
711 789 971 865 existimabant:
995 812 1134 885 tamen,

103 890 198 989 quod
215 908 288 965 erat
301 912 344 961 ex
361 888 483 962 eodem
500 890 711 989 municipio,
727 891 804 963 suae
819 886 1135 991 digmtatiscllcar-

105 989 333 1081 bitrabantur,
358 1011 464 1079 eum,
485 986 611 1086 qulbus
628 988 733 1061 rebus
750 990 904 1088 poll'ent,
929 989 1134 1066 defendere:

106 1094 213 1189 idque
227 1114 247 1161 a
261 1112 342 1180 me,
357 1110 403 1163 ut·
414 1088 581 1178 facerem,
595 1089 681 1163 &ut
690 1091 820 1163 causam
831 1090 1027 1163 Scamandri
1036 1092 1134 1167 susci·

104 1214 243 1292 perem,
258 1188 440 1289 petebant:
467 1191 502 1261 in
511 1190 820 1289 quaeausapatroni
828 1192 1135 1289 omnepericulum

105 1286 357 1365 continebatur.
381 1290 482 1389 Ego,
497 1290 557 1387 qui
573 1313 686 1389 neque
694 1290 756 1362 illis
766 1288 1001 1381 talibusviris,
1017 1316 1056 1364 ac
1064 1312 1136 1367 tam

105 1388 301 1464 amantibus
319 1392 410 1479 mei,
428 1412 502 1461 rem
519 1386 648 1487 pollem
667 1388 773 1461 ullam
791 1410 940 1489 negare:
966 1414 1079 1490 neque
1097 1393 1139 1467 il-

106 1490 169 1564 lud
185 1492 318 1562 crimen
335 1494 471 1563 tanturn
488 1511 527 1562 ac
546 1490 616 1561 tam
633 1487 846 1561 manifestum
864 1490 929 1560 ell'e
939 1487 1139 1582 arbitrarer,

108 1588 196 1665 ficut
212 1612 278 1660 nec
294 1586 342 1658 illi
356 1587 496 1686 quidem
515 1585 601 1685 ipfi,
623 1590 683 1687 qui
702 1588 788 1662 mihi
805 1608 882 1662 tum
900 1588 992 1661 illam
1006 1590 1140 1666 causam

109 1686 424 1779 commendabant,
439 1685 709 1779 arbitrabantur,
726 1688 898 1787 pollicitus
915 1691 952 1762 iis
969 1688 1063 1780 sum,
1080 1716 1139 1764 me

110 1794 230 1865 omnia
244 1812 331 1889 quae
345 1788 474 1863 vellent
493 1784 747 1863 effefadlurum.
794 1788 1138 1890 Reaagicoeptaest:
1152 1793 1193 1861 18

112 1891 235 1963 citatus
259 1888 309 1961 est
333 1888 539 1965 Scamander
555 1912 648 1963 reus:
671 1886 850 1962 accusabat
868 1890 906 1961 P.
923 1889 1140 1984 Cannutius,

110 1988 218 2061 homo
233 1988 269 2061 in
286 1986 402 2086 primis
415 1990 632 2090 ingeniosus,
649 1987 687 2063 &
704 1990 740 2062 in
755 1987 905 2061 dicendo
913 1992 1142 2065 exercitatus:

110 2084 290 2162 accusabat
313 2110 430 2161 autem
455 2090 513 2163 ille
534 2088 674 2186 quidem
692 2087 935 2164 Scamandrum
953 2088 1067 2165 verbis
1081 2094 1144 2165 tri-

113 2186 205 2281 bus,
230 2211 407 2263 venenum
423 2188 491 2263 elle
506 2186 767 2289 deprehensum.
806 2188 937 2262 Omnia
951 2189 1020 2261 tela
1034 2192 1142 2264 totius

113 2290 337 2365 accusationis
353 2290 390 2361 in
406 2286 643 2387 Oppianicum
657 2287 946 2386 conjiciebantur:
969 2288 1143 2387 aperieba-

113 2408 173 2463 tur
188 2388 507 2463 caulainfidiarum:
531 2386 767 2463 Fabriciorum
775 2384 979 2461 familiaritas
987 2411 1145 2461 comme-

114 2488 332 2562 morabatur:
356 2490 507 2563 hominis
523 2490 594 2561 vita
610 2487 647 2559 ὃ(
664 2484 1064 2583 audaciaprolerebatur:
1082 2487 1144 2560 de·

116 2590 225 2686 nique
249 2589 362 2658 omnis
384 2586 551 2659 accusatio
568 2587 661 2658 varie
676 2586 893 2757 graviterpue
907 2584 1078 2675 tractata,
1102 2589 1146 2665 ad

116 2690 314 2760 extremum
333 2684 822 2784 manifestavenenideprchcn
838 2708 917 2758 rone
924 2685 1080 2759 conclusa
1088 2688 1146 2763 est.

115 2788 191 2863 Hic
206 2810 278 2887 ego
294 2810 376 2858 cum
393 2786 435 2857 ad
451 2785 728 2885 respondendum
742 2784 890 2875 surrexi,
908 2786 1085 2883 quacura?
1098 2786 1148 2861 dii

115 2885 353 2963 immortales!
387 2910 455 2984 qua
476 2884 706 2961 sollicitudine
731 2884 868 2957 animi?
900 2909 969 2983 quo
993 2886 1150 2961 timore?

115 2985 263 3088 Semper
296 2984 457 3084 equidem
482 3010 611 3087 magno
635 3008 716 3059 cum
742 3004 842 3059 metu
866 2986 995 3084 incipio
1020 2985 1148 3059 dicere.

1058 3110 1147 3185 quo·

144 3211 290 3272 neme]
305 3208 463 3262 DeFtbrido.
482 3210 546 3277 Syia.
675 3208 785 3259 Pollicitus
799 3209 899 3276 lissam]
917 3208 1151 3275 Hicanemleperpe·

146 3278 207 3327 Sicut
225 3278 300 3336 remla
313 3290 358 3325 mr
404 3280 470 3326 Nam
485 3274 616 3326 Fabricium
644 3288 709 3327 tuam
724 3272 1150 3325 nonclsedifferenriamillamaser·

114 3342 201 3393 veneni
212 3344 333 3393 coniciam
378 3357 406 3395 e.
421 3341 527 3401 uriemt,
540 3340 616 3391 exilli·
644 3338 839 3391 viollbueneid.
852 3340 996 3404 r.lcriptam‚
1005 3340 1150 3389 Pollicemur

114 3404 224 3458 mebant}
237 3408 306 3455 rtem.
644 3405 741 3471 sponte,
758 3405 921 3469 promittimus
930 3402 1013 3467 rogari.
1028 3402 1149 3455 Hicenim

147 3468 396 3541 tandemtaieipr'o]
412 3468 621 3529 ldell,Aletrino.
643 3470 877 3535 rogaruapollicetur.
898 3468 967 3515 Idem.

113 3534 186 3586 ldm-
676 3533 823 3599 aperiebatur
833 3534 895 3593 rause
903 3526 1048 3593 infidum]
1065 3527 1147 3590 mest,

148 3598 196 3645 Su
206 3598 341 3665 dignitatis]
360 3602 388 3651 ld
400 3600 447 3660 cst,
460 3598 494 3651 sui
511 3598 622 3650 honoris·
645 3610 788 3648 catacoeno
804 3597 945 3646 clarentium
953 3595 1098 3661 Oppianicus
1106 3610 1148 3647 rae-

116 3666 198 3739 'rurpe
211 3662 278 3713 enlm
292 3662 334 3715 sibi
346 3664 398 3717 fore
409 3664 538 3731 putabant,
552 3664 621 3714 fira-
644 3678 694 3715 care
701 3660 809 3733 voluerit.
824 3662 892 3707 Idem.

117 3726 206 3779 brierur
220 3726 476 3793 municepesuuseriam
483 3729 621 3781 notem.
676 3726 795 3788 flamina]
816 3724 950 3790 Oppianici.
965 3724 1035 3771 Idema

117 3802 249 3843 moeretur.
265 3794 334 3839 idem.
677 3786 784 3855 Senem]
809 3792 858 3839 Srat
875 3792 941 3839 enim
955 3800 1051 3845 orator,
1071 3804 1149 3854 quum

149 3856 435 3921 Parroriomnepen'eulm]
451 3854 622 3910 Neminsum-
645 3855 716 3907 dicit:
733 3869 759 3905 ut
775 3858 885 3911 Senator,
899 3869 975 3919 quum
988 3853 1046 3903 dicit
1059 3850 1153 3906 stnren·

119 3936 191 3973 mum
210 3920 335 3972 discrimen
353 3920 533 3975 existimationis
552 3922 622 3973 booz
645 3923 712 3972 riam.
727 3922 796 3967 Idem.

119 3998 248 4053 patronum
270 3986 340 4048 hujus
358 3984 430 4036 cauria
444 3990 522 4039 uenire
534 3986 623 4038 ortelle
677 3986 764 4051 Smper
775 3986 872 4047 equidem
884 4000 1018 4047 magnetum
1025 3982 1105 4047 mera]
1124 3982 1152 4033 ld

122 4062 178 4099 eret.
204 4052 308 4117 Qrinril.
320 4050 364 4101 lib·
380 4050 621 4104 intimationem
649 4064 730 4101 narum
745 4047 840 4098 insitum
849 4050 894 4099 fuit
903 4050 1031 4105 Ciceroni,
1047 4062 1072 4096 ur
1081 4047 1153 4096 initio

121 4114 231 4175 diurnali,
245 4110 398 4166 sedarum»
408 4116 577 4175 nuceremmss
590 4122 624 4165 Δι’·
650 4114 766 4165 orationis
774 4126 896 4163 metueret.
917 4112 983 4162 Idem
990 4108 1156 4173 deseipseci·

122 4182 154 4226 ea'r
165 4180 319 4243 dffieiliorru,
334 4182 539 4251 cujatemserripse
546 4196 625 4249 cretea
651 4194 705 4229 cero
711 4179 736 4227 in
746 4178 852 4229 Divinae
859 4178 915 4227 dicit
922 4177 1022 4227 decania
1028 4175 1112 4225 venis.
1127 4174 1156 4225 ld

117 4242 200 4301 iden·
652 4238 1158 4300 onronbonohoneuameffem.currus

784 4312 798 4360 l
815 4322 831 4359 a
1095 4303 1153 4361 dicit
